@article{martin1998gene,
  title={Gene transfer from organelles to the nucleus: how much, what happens, and why?},
  author={Martin, William and Herrmann, Reinhold G},
  journal={Plant physiology},
  volume={118},
  number={1},
  pages={9--17},
  year={1998},
  publisher={American Society of Plant Biologists}
}
@article{knoblauch2008closed,
  title={Closed-form expressions for the moments of the binomial probability distribution},
  author={Knoblauch, Andreas},
  journal={SIAM Journal on Applied Mathematics},
  volume={69},
  number={1},
  pages={197--204},
  year={2008},
  publisher={SIAM}
}
@article{gray2001origin,
  title={The origin and early evolution of mitochondria},
  author={Gray, Michael W and Burger, Gertraud and Lang, B Franz},
  journal={Genome biology},
  volume={2},
  number={6},
  pages={1--5},
  year={2001},
  publisher={Springer}
}
@book{johnson1995continuous,
  title={Continuous univariate distributions, volume 2},
  author={Johnson, Norman L and Kotz, Samuel and Balakrishnan, Narayanaswamy},
  volume={289},
  year={1995},
  publisher={John wiley \& sons}
}
@article{lieber2019mitochondrial,
  title={Mitochondrial fragmentation drives selective removal of deleterious mtDNA in the germline},
  author={Lieber, Toby and Jeedigunta, Swathi P and Palozzi, Jonathan M and Lehmann, Ruth and Hurd, Thomas R},
  journal={Nature},
  volume={570},
  number={7761},
  pages={380--384},
  year={2019},
  publisher={Nature Publishing Group}
}

@article{kerr2019intracellular,
  title={Intracellular energy variability modulates cellular decision-making capacity},
  author={Kerr, Ryan and Jabbari, Sara and Johnston, Iain G},
  journal={Scientific reports},
  volume={9},
  number={1},
  pages={1--12},
  year={2019},
  publisher={Nature Publishing Group}
}
@article{huh2011non,
  title={Non-genetic heterogeneity from stochastic partitioning at cell division},
  author={Huh, Dann and Paulsson, Johan},
  journal={Nature genetics},
  volume={43},
  number={2},
  pages={95--100},
  year={2011},
  publisher={Nature Publishing Group}
}
@article{huh2011random,
  title={Random partitioning of molecules at cell division},
  author={Huh, Dann and Paulsson, Johan},
  journal={Proceedings of the National Academy of Sciences},
  volume={108},
  number={36},
  pages={15004--15009},
  year={2011},
  publisher={National Acad Sciences}
}
@article{neumuller2009dividing,
  title={Dividing cellular asymmetry: asymmetric cell division and its implications for stem cells and cancer},
  author={Neum{\"u}ller, Ralph A and Knoblich, Juergen A},
  journal={Genes \& development},
  volume={23},
  number={23},
  pages={2675--2699},
  year={2009},
  publisher={Cold Spring Harbor Lab}
}
@article{horbay2016mitochondrial,
  title={Mitochondrial dynamics during cell cycling},
  author={Horbay, Rostyslav and Bilyy, Rostyslav},
  journal={Apoptosis},
  volume={21},
  number={12},
  pages={1327--1335},
  year={2016},
  publisher={Springer}
}
@article{johnston2012chaos,
  title={The chaos within: exploring noise in cellular biology},
  author={Johnston, Iain},
  journal={Significance},
  volume={9},
  number={4},
  pages={17--21},
  year={2012},
  publisher={Wiley Online Library}
}
@article{wei2019germline,
  title={Germline selection shapes human mitochondrial DNA diversity},
  author={Wei, Wei and Tuna, Salih and Keogh, Michael J and Smith, Katherine R and Aitman, Timothy J and Beales, Phil L and Bennett, David L and Gale, Daniel P and Bitner-Glindzicz, Maria AK and Black, Graeme C and others},
  journal={Science},
  volume={364},
  number={6442},
  pages={eaau6520},
  year={2019},
  publisher={American Association for the Advancement of Science}
}
@article{rossignol2003mitochondrial,
  title={Mitochondrial threshold effects},
  author={Rossignol, Rodrigue and Faustin, Benjamin and Rocher, Christophe and Malgat, Monique and Mazat, Jean-Pierre and Letellier, Thierry},
  journal={Biochemical Journal},
  volume={370},
  number={3},
  pages={751--762},
  year={2003},
  publisher={Portland Press Ltd.}
}
@article{burgstaller2014mtdna,
  title={MtDNA segregation in heteroplasmic tissues is common in vivo and modulated by haplotype differences and developmental stage},
  author={Burgstaller, Joerg Patrick and Johnston, Iain G and Jones, Nick S and Albrechtova, Jana and Kolbe, Thomas and Vogl, Claus and Futschik, Andreas and Mayrhofer, Corina and Klein, Dieter and Sabitzer, Sonja and others},
  journal={Cell reports},
  volume={7},
  number={6},
  pages={2031--2041},
  year={2014},
  publisher={Elsevier}
}
@article{radzvilavicius2016selection,
  title={Selection for mitochondrial quality drives evolution of the germline},
  author={Radzvilavicius, Arunas L and Hadjivasiliou, Zena and Pomiankowski, Andrew and Lane, Nick},
  journal={PLoS Biology},
  volume={14},
  number={12},
  pages={e2000410},
  year={2016},
  publisher={Public Library of Science San Francisco, CA USA}
}
@article{johnston2012mitochondrial,
  title={Mitochondrial variability as a source of extrinsic cellular noise},
  author={Johnston, Iain G and Gaal, Bernadett and Neves, Ricardo Pires das and Enver, Tariq and Iborra, Francisco J and Jones, Nick S},
  journal={PLoS computational biology},
  volume={8},
  number={3},
  pages={e1002416},
  year={2012},
  publisher={Public Library of Science San Francisco, USA}
}
@article{katajisto2015asymmetric,
  title={Asymmetric apportioning of aged mitochondria between daughter cells is required for stemness},
  author={Katajisto, Pekka and D{\"o}hla, Julia and Chaffer, Christine L and Pentinmikko, Nalle and Marjanovic, Nemanja and Iqbal, Sharif and Zoncu, Roberto and Chen, Walter and Weinberg, Robert A and Sabatini, David M},
  journal={Science},
  volume={348},
  number={6232},
  pages={340--343},
  year={2015},
  publisher={American Association for the Advancement of Science}
}
@article{das2010connecting,
  title={Connecting variability in global transcription rate to mitochondrial variability},
  author={Das Neves, Ricardo Pires and Jones, Nick S and Andreu, Lorena and Gupta, Rajeev and Enver, Tariq and Iborra, Francisco J},
  journal={PLoS biology},
  volume={8},
  number={12},
  pages={e1000560},
  year={2010},
  publisher={Public Library of Science San Francisco, USA}
}
@article{ilamathi2021new,
  title={A new automated tool to quantify nucleoid distribution within mitochondrial networks},
  author={Ilamathi, Hema Saranya and Ouellet, Mathieu and Sabouny, Rasha and Desrochers-Goyette, Justine and Lines, Matthew A and Pfeffer, Gerald and Shutt, Timothy E and Germain, Marc},
  journal={Scientific reports},
  volume={11},
  number={1},
  pages={1--14},
  year={2021},
  publisher={Nature Publishing Group}
}
@article{roger2017origin,
  title={The origin and diversification of mitochondria},
  author={Roger, Andrew J and Mu{\~n}oz-G{\'o}mez, Sergio A and Kamikawa, Ryoma},
  journal={Current Biology},
  volume={27},
  number={21},
  pages={R1177--R1192},
  year={2017},
  publisher={Elsevier}
}
@article{spinelli2018multifaceted,
  title={The multifaceted contributions of mitochondria to cellular metabolism},
  author={Spinelli, Jessica B and Haigis, Marcia C},
  journal={Nature cell biology},
  volume={20},
  number={7},
  pages={745--754},
  year={2018},
  publisher={Nature Publishing Group}
}
@article{jakubke2021cristae,
  title={Cristae-dependent quality control of the mitochondrial genome},
  author={Jakubke, Christopher and Roussou, Rodaria and Maiser, Andreas and Schug, Christina and Thoma, Felix and Bunk, David and H{\"o}rl, David and Leonhardt, Heinrich and Walter, Peter and Klecker, Till and others},
  journal={Science advances},
  volume={7},
  number={36},
  pages={eabi8886},
  year={2021},
  publisher={American Association for the Advancement of Science}
}
@article{burgstaller2018large,
  title={Large-scale genetic analysis reveals mammalian mtDNA heteroplasmy dynamics and variance increase through lifetimes and generations},
  author={Burgstaller, Joerg P and Kolbe, Thomas and Havlicek, Vitezslav and Hembach, Stephanie and Poulton, Joanna and Pi{\'a}lek, Jaroslav and Steinborn, Ralf and R{\"u}licke, Thomas and Brem, Gottfried and Jones, Nick S and others},
  journal={Nature communications},
  volume={9},
  number={1},
  pages={1--12},
  year={2018},
  publisher={Nature Publishing Group}
}
@article{aryaman2019mitochondrial,
  title={Mitochondrial network state scales mtDNA genetic dynamics},
  author={Aryaman, Juvid and Bowles, Charlotte and Jones, Nick S and Johnston, Iain G},
  journal={Genetics},
  volume={212},
  number={4},
  pages={1429--1443},
  year={2019},
  publisher={Oxford University Press}
}
@article{aryaman2019mitochondrialb,
  title={Mitochondrial heterogeneity},
  author={Aryaman, Juvid and Johnston, Iain G and Jones, Nick S},
  journal={Frontiers in genetics},
  volume={9},
  pages={718},
  year={2019},
  publisher={Frontiers}
}
@article{cree2008reduction,
  title={A reduction of mitochondrial DNA molecules during embryogenesis explains the rapid segregation of genotypes},
  author={Cree, Lynsey M and Samuels, David C and de Sousa Lopes, Susana Chuva and Rajasimha, Harsha Karur and Wonnapinij, Passorn and Mann, Jeffrey R and Dahl, Hans-Henrik M and Chinnery, Patrick F},
  journal={Nature genetics},
  volume={40},
  number={2},
  pages={249--254},
  year={2008},
  publisher={Nature Publishing Group}
}
@article{cao2007mitochondrial,
  title={The mitochondrial bottleneck occurs without reduction of mtDNA content in female mouse germ cells},
  author={Cao, Liqin and Shitara, Hiroshi and Horii, Takuro and Nagao, Yasumitsu and Imai, Hiroshi and Abe, Kuniya and Hara, Takahiko and Hayashi, Jun-Ichi and Yonekawa, Hiromichi},
  journal={Nature genetics},
  volume={39},
  number={3},
  pages={386--390},
  year={2007},
  publisher={Nature Publishing Group}
}
@article{cao2009new,
  title={New evidence confirms that the mitochondrial bottleneck is generated without reduction of mitochondrial DNA content in early primordial germ cells of mice},
  author={Cao, Liqin and Shitara, Hiroshi and Sugimoto, Michihiko and Hayashi, Jun-Ichi and Abe, Kuniya and Yonekawa, Hiromichi},
  journal={PLoS Genet},
  volume={5},
  number={12},
  pages={e1000756},
  year={2009},
  publisher={Public Library of Science}
}
@article{wai2008mitochondrial,
  title={The mitochondrial DNA genetic bottleneck results from replication of a subpopulation of genomes},
  author={Wai, Timothy and Teoli, Daniella and Shoubridge, Eric A},
  journal={Nature genetics},
  volume={40},
  number={12},
  pages={1484--1488},
  year={2008},
  publisher={Nature Publishing Group}
}
@article{floros2018segregation,
  title={Segregation of mitochondrial DNA heteroplasmy through a developmental genetic bottleneck in human embryos},
  author={Floros, Vasileios I and Pyle, Angela and Dietmann, Sabine and Wei, Wei and Tang, Walfred CW and Irie, Naoko and Payne, Brendan and Capalbo, Antonio and Noli, Laila and Coxhead, Jonathan and others},
  journal={Nature cell biology},
  volume={20},
  number={2},
  pages={144--151},
  year={2018},
  publisher={Nature Publishing Group}
}
@article{wai2010role,
  title={The role of mitochondrial DNA copy number in mammalian fertility},
  author={Wai, Timothy and Ao, Asangla and Zhang, Xiaoyun and Cyr, Daniel and Dufort, Daniel and Shoubridge, Eric A},
  journal={Biology of reproduction},
  volume={83},
  number={1},
  pages={52--62},
  year={2010},
  publisher={Oxford University Press}
}
@article{fan2008mouse,
  title={A mouse model of mitochondrial disease reveals germline selection against severe mtDNA mutations},
  author={Fan, Weiwei and Waymire, Katrina G and Narula, Navneet and Li, Peng and Rocher, Christophe and Coskun, Pinar E and Vannan, Mani A and Narula, Jagat and MacGregor, Grant R and Wallace, Douglas C},
  journal={Science},
  volume={319},
  number={5865},
  pages={958--962},
  year={2008},
  publisher={American Association for the Advancement of Science}
}
@article{stewart2008strong,
  title={Strong purifying selection in transmission of mammalian mitochondrial DNA},
  author={Stewart, James Bruce and Freyer, Christoph and Elson, Joanna L and Wredenberg, Anna and Cansu, Zekiye and Trifunovic, Aleksandra and Larsson, Nils-G{\"o}ran},
  journal={PLoS biology},
  volume={6},
  number={1},
  pages={e10},
  year={2008},
  publisher={Public Library of Science San Francisco, USA}
}
@article{stewart2015dynamics,
    title={The dynamics of mitochondrial DNA heteroplasmy: implications for human health and disease},
    author={Stewart, James B and Chinnery, Patrick F},
    journal={Nature Reviews Genetics},
    volume={16},
    number={9},
    pages={530--542},
    year={2015},
    publisher={Nature Publishing Group}
}
@article{mendoza2020mitochondrial,
  title={Mitochondrial inheritance in phytopathogenic fungi—everything is known, or is it?},
  author={Mendoza, Hector and Perlin, Michael H and Schirawski, Jan},
  journal={International Journal of Molecular Sciences},
  volume={21},
  number={11},
  pages={3883},
  year={2020},
  publisher={Multidisciplinary Digital Publishing Institute}
}
@article{sukhorukov2012emergence,
  title={Emergence of the mitochondrial reticulum from fission and fusion dynamics},
  author={Sukhorukov, Valerii M and Dikov, Daniel and Reichert, Andreas S and Meyer-Hermann, Michael},
  journal={PLoS computational biology},
  volume={8},
  number={10},
  year={2012},
  publisher={Public Library of Science}
}
@article{zamponi2018mitochondrial,
  title={Mitochondrial network complexity emerges from fission/fusion dynamics},
  author={Zamponi, Nahuel and Zamponi, Emiliano and Cannas, Sergio A and Billoni, Orlando V and Helguera, Pablo R and Chialvo, Dante R},
  journal={Scientific reports},
  volume={8},
  number={1},
  pages={1--10},
  year={2018},
  publisher={Nature Publishing Group}
}
@article{hill2014selective,
  title={Selective propagation of functional mitochondrial DNA during oogenesis restricts the transmission of a deleterious mitochondrial variant},
  author={Hill, Jahda H and Chen, Zhe and Xu, Hong},
  journal={Nature genetics},
  volume={46},
  number={4},
  pages={389--392},
  year={2014},
  publisher={Nature Publishing Group}
}
@article{carlton2020membrane,
  title={Membrane and organelle dynamics during cell division},
  author={Carlton, Jeremy G and Jones, Hannah and Eggert, Ulrike S},
  journal={Nature Reviews Molecular Cell Biology},
  volume={21},
  number={3},
  pages={151--166},
  year={2020},
  publisher={Nature Publishing Group}
}
}
@article{pla2019reshaping,
  title={Reshaping membranes to build mitochondrial DNA},
  author={Pla-Martin, David and Wiesner, Rudolf J},
  journal={PLoS genetics},
  volume={15},
  number={6},
  year={2019},
  publisher={Public Library of Science}
}
@article{chapman2020maintenance,
  title={The Maintenance of Mitochondrial DNA Integrity and Dynamics by Mitochondrial Membranes},
  author={Chapman, James and Ng, Yi Shiau and Nicholls, Thomas J},
  journal={Life},
  volume={10},
  number={9},
  pages={164},
  year={2020},
  publisher={Multidisciplinary Digital Publishing Institute}
}

@article{segui2009mitochondrial,
  title={Mitochondrial reticulation in shoot apical meristem cells of Arabidopsis provides a mechanism for homogenization of mtDNA prior to gamete formation},
  author={Segu{\'\i}-Simarro, Jos{\'e} M and Staehelin, L Andrew},
  journal={Plant signaling \& behavior},
  volume={4},
  number={3},
  pages={168--171},
  year={2009},
  publisher={Taylor \& Francis}
}
@article{greiner2015most,
  title={Why are most organelle genomes transmitted maternally?},
  author={Greiner, Stephan and Sobanski, Johanna and Bock, Ralph},
  journal={Bioessays},
  volume={37},
  number={1},
  pages={80--94},
  year={2015},
  publisher={Wiley Online Library}
}
@article{muller1964relation,
  title={The relation of recombination to mutational advance},
  author={Muller, Hermann Joseph},
  journal={Mutation Research/Fundamental and Molecular Mechanisms of Mutagenesis},
  volume={1},
  number={1},
  pages={2--9},
  year={1964},
  publisher={Elsevier}
}
@article{chustecki2021network,
  title={Network analysis of Arabidopsis mitochondrial dynamics reveals a resolved tradeoff between physical distribution and social connectivity},
  author={Chustecki, Joanna M and Gibbs, Daniel J and Bassel, George W and Johnston, Iain G},
  journal={Cell systems},
  volume={12},
  number={5},
  pages={419--431},
  year={2021},
  publisher={Elsevier}
}
@article{moore2021actin,
  title={Actin cables and comet tails organize mitochondrial networks in mitosis},
  author={Moore, Andrew S and Coscia, Stephen M and Simpson, Cory L and Ortega, Fabian E and Wait, Eric C and Heddleston, John M and Nirschl, Jeffrey J and Obara, Christopher J and Guedes-Dias, Pedro and Boecker, C Alexander and others},
  journal={Nature},
  volume={591},
  number={7851},
  pages={659--664},
  year={2021},
  publisher={Nature Publishing Group}
}
@article{johnston2016evolutionary,
  title={Evolutionary inference across eukaryotes identifies specific pressures favoring mitochondrial gene retention},
  author={Johnston, Iain G and Williams, Ben P},
  journal={Cell Systems},
  volume={2},
  number={2},
  pages={101--111},
  year={2016},
  publisher={Elsevier}
}
@article{allen2017corr,
  title={The CoRR hypothesis for genes in organelles},
  author={Allen, John F},
  journal={Journal of theoretical biology},
  volume={434},
  pages={50--57},
  year={2017},
  publisher={Elsevier}
}
% Models of mtDNA dynamics (bottleneck, replication/degradation/segregation, clonal expansion)
@article{johnston2015stochastic,
  title={Stochastic modelling, Bayesian inference, and new in vivo measurements elucidate the debated mtDNA bottleneck mechanism},
  author={Johnston, Iain G and Burgstaller, Joerg P and Havlicek, Vitezslav and Kolbe, Thomas and R{\"u}licke, Thomas and Brem, Gottfried and Poulton, Jo and Jones, Nick S},
  journal={Elife},
  volume={4},
  pages={e07464},
  year={2015},
  publisher={eLife Sciences Publications Limited}
}
@article{johnston2019varied,
  title={Varied mechanisms and models for the varying mitochondrial bottleneck},
  author={Johnston, Iain G},
  journal={Frontiers in Cell and Developmental Biology},
  volume={7},
  year={2019},
  publisher={Frontiers Media SA}
}
@article{johnston2019evolving,
  title={Evolving mtDNA populations within cells},
  author={Johnston, Iain G and Burgstaller, Joerg P},
  journal={Biochemical Society Transactions},
  volume={47},
  number={5},
  pages={1367--1382},
  year={2019},
  publisher={Portland Press Ltd.}
}
@article{edwards2021avoiding,
  title={Avoiding organelle mutational meltdown across eukaryotes with or without a germline bottleneck},
  author={Edwards, David M and R{\o}yrvik, Ellen C and Chustecki, Joanna M and Giannakis, Konstantinos and Glastad, Robert C and Radzvilavicius, Arunas L and Johnston, Iain G},
  journal={PLoS biology},
  volume={19},
  number={4},
  pages={e3001153},
  year={2021},
  publisher={Public Library of Science San Francisco, CA USA}
}
@article{mouli2009frequency,
  title={Frequency and selectivity of mitochondrial fusion are key to its quality maintenance function},
  author={Mouli, Pradeep K and Twig, Gilad and Shirihai, Orian S},
  journal={Biophysical journal},
  volume={96},
  number={9},
  pages={3509--3518},
  year={2009},
  publisher={Elsevier}
}
@article{twig2008mitochondrial,
  title={Mitochondrial fusion, fission and autophagy as a quality control axis: the bioenergetic view},
  author={Twig, Gilad and Hyde, Brigham and Shirihai, Orian S},
  journal={Biochimica et Biophysica Acta (BBA)-Bioenergetics},
  volume={1777},
  number={9},
  pages={1092--1097},
  year={2008},
  publisher={Elsevier}
}
@article{twig2008fission,
  title={Fission and selective fusion govern mitochondrial segregation and elimination by autophagy},
  author={Twig, Gilad and Elorza, Alvaro and Molina, Anthony JA and Mohamed, Hibo and Wikstrom, Jakob D and Walzer, Gil and Stiles, Linsey and Haigh, Sarah E and Katz, Steve and Las, Guy and others},
  journal={The EMBO journal},
  volume={27},
  number={2},
  pages={433--446},
  year={2008},
  publisher={John Wiley \& Sons, Ltd Chichester, UK}
}
@article{legros2004organization,
  title={Organization and dynamics of human mitochondrial DNA},
  author={Legros, Fr{\'e}d{\'e}ric and Malka, Florence and Frachon, Paule and Lomb{\`e}s, Anne and Rojo, Manuel},
  journal={Journal of cell science},
  volume={117},
  number={13},
  pages={2653--2662},
  year={2004},
  publisher={The Company of Biologists Ltd}
}
@article{sasaki2017live,
  title={Live imaging reveals the dynamics and regulation of mitochondrial nucleoids during the cell cycle in Fucci2-HeLa cells},
  author={Sasaki, Taeko and Sato, Yoshikatsu and Higashiyama, Tetsuya and Sasaki, Narie},
  journal={Scientific reports},
  volume={7},
  number={1},
  pages={1--12},
  year={2017},
  publisher={Nature Publishing Group}
}
@article{pangou2021multifaceted,
  title={The Multifaceted Regulation of Mitochondrial Dynamics During Mitosis},
  author={Pangou, Evanthia and Sumara, Izabela},
  journal={Frontiers in Cell and Developmental Biology},
  pages={3120},
  year={2021},
  publisher={Frontiers}
}
@inproceedings{logan2010dynamic,
  title={The dynamic plant chondriome},
  author={Logan, David C},
  booktitle={Seminars in cell \& developmental biology},
  volume={21},
  pages={550--557},
  year={2010},
  organization={Elsevier}
}
@article{johnston2015closed,
  title={Closed-form stochastic solutions for non-equilibrium dynamics and inheritance of cellular components over many cell divisions},
  author={Johnston, Iain G and Jones, Nick S},
  journal={Proceedings of the Royal Society A: Mathematical, Physical and Engineering Sciences},
  volume={471},
  number={2180},
  pages={20150050},
  year={2015},
  publisher={The Royal Society}
}
@incollection{hoitzing2017stochastic,
  title={Stochastic models for evolving cellular populations of mitochondria: disease, development, and ageing},
  author={Hoitzing, Hanne and Johnston, Iain G and Jones, Nick S},
  booktitle={Stochastic Processes, Multiscale Modeling, and Numerical Methods for Computational Cellular Biology},
  pages={287--314},
  year={2017},
  publisher={Springer}
}
@article{poovathingal2009stochastic,
  title={Stochastic drift in mitochondrial DNA point mutations: a novel perspective ex silico},
  author={Poovathingal, Suresh Kumar and Gruber, Jan and Halliwell, Barry and Gunawan, Rudiyanto},
  journal={PLoS computational biology},
  volume={5},
  number={11},
  pages={e1000572},
  year={2009},
  publisher={Public Library of Science San Francisco, USA}
}
@article{chinnery1999relaxed,
  title={Relaxed replication of mtDNA: a model with implications for the expression of disease},
  author={Chinnery, Patrick F and Samuels, David C},
  journal={The American Journal of Human Genetics},
  volume={64},
  number={4},
  pages={1158--1165},
  year={1999},
  publisher={Elsevier}
}
@article{capps2003model,
  title={A model of the nuclear control of mitochondrial DNA replication},
  author={Capps, Graham J and Samuels, David C and Chinnery, Patrick F},
  journal={Journal of theoretical biology},
  volume={221},
  number={4},
  pages={565--583},
  year={2003},
  publisher={Elsevier}
}
  @article{birky1983approach,
  title={An approach to population and evolutionary genetic theory for genes in mitochondria and chloroplasts, and some results},
  author={Birky, C William and Maruyama, Takeo and Fuerst, Paul},
  journal={Genetics},
  volume={103},
  number={3},
  pages={513--527},
  year={1983},
  publisher={Genetics Soc America}
}
@article{tam2013mathematical,
  title={Mathematical modeling of the role of mitochondrial fusion and fission in mitochondrial DNA maintenance},
  author={Tam, Zhi Yang and Gruber, Jan and Halliwell, Barry and Gunawan, Rudiyanto},
  journal={PloS one},
  volume={8},
  number={10},
  pages={e76230},
  year={2013},
  publisher={Public Library of Science}
}
@article{tam2015context,
  title={Context-dependent role of mitochondrial fusion-fission in clonal expansion of mtDNA mutations},
  author={Tam, Zhi Yang and Gruber, Jan and Halliwell, Barry and Gunawan, Rudiyanto},
  journal={PLoS Comput Biol},
  volume={11},
  number={5},
  pages={e1004183},
  year={2015},
  publisher={Public Library of Science}
}
@article{figge2012deceleration,
  title={Deceleration of fusion--fission cycles improves mitochondrial quality control during aging},
  author={Figge, Marc Thilo and Reichert, Andreas S and Meyer-Hermann, Michael and Osiewacz, Heinz D},
  journal={PLoS Comput Biol},
  volume={8},
  number={6},
  pages={e1002576},
  year={2012},
  publisher={Public Library of Science}
}
@article{patel2013optimal,
  title={Optimal dynamics for quality control in spatially distributed mitochondrial networks},
  author={Patel, Pinkesh K and Shirihai, Orian and Huang, Kerwyn Casey},
  journal={PLoS Comput Biol},
  volume={9},
  number={7},
  pages={e1003108},
  year={2013},
  publisher={Public Library of Science}
}
@article{wonnapinij2008distribution,
      title={The distribution of mitochondrial DNA heteroplasmy due to random genetic drift},
      author={Wonnapinij, Passorn and Chinnery, Patrick F and Samuels, David C},
      journal={The American Journal of Human Genetics},
      volume={83},
      number={5},
      pages={582--593},
      year={2008},
      publisher={Elsevier}
    }
@article{johnston2016evolution,
    title={Evolution of cell-to-cell variability in stochastic, controlled, heteroplasmic mtDNA populations},
    author={Johnston, Iain G and Jones, Nick S},
    journal={The American Journal of Human Genetics},
    volume={99},
    number={5},
    pages={1150--1162},
    year={2016},
    publisher={Elsevier}
  }
@article{hoitzing2015function,
  title={What is the function of mitochondrial networks? A theoretical assessment of hypotheses and proposal for future research},
  author={Hoitzing, Hanne and Johnston, Iain G and Jones, Nick S},
  journal={BioEssays},
  volume={37},
  number={6},
  pages={687--700},
  year={2015},
  publisher={Wiley Online Library}
}
@article{smith2015mitochondrial,
  title={Mitochondrial and plastid genome architecture: reoccurring themes, but significant differences at the extremes},
  author={Smith, David Roy and Keeling, Patrick J},
  journal={Proceedings of the National Academy of Sciences},
  volume={112},
  number={33},
  pages={10177--10184},
  year={2015},
  publisher={National Acad Sciences}
}
@article{wallace2013mitochondrial,
  title={Mitochondrial DNA genetics and the heteroplasmy conundrum in evolution and disease},
  author={Wallace, Douglas C and Chalkia, Dimitra},
  journal={Cold Spring Harbor perspectives in biology},
  volume={5},
  number={11},
  pages={a021220},
  year={2013},
  publisher={Cold Spring Harbor Lab}
}
@article{radzvilavicius2017mitigating,
  title={Mitigating mitochondrial genome erosion without recombination},
  author={Radzvilavicius, Arunas L and Kokko, Hanna and Christie, Joshua R},
  journal={Genetics},
  volume={207},
  number={3},
  pages={1079--1088},
  year={2017},
  publisher={Oxford University Press}
}
% Inherited mtDNA mutations affects about 1/5000 people
% Purifying selections, i.e., physical bottlenecks?
@article{burr2018mitochondrial,
  title={Mitochondrial DNA heteroplasmy and purifying selection in the mammalian female germ line},
  author={Burr, Stephen P and Pezet, Mikael and Chinnery, Patrick F},
  journal={Development, growth \& differentiation},
  volume={60},
  number={1},
  pages={21--32},
  year={2018},
  publisher={Wiley Online Library}
}
% .1% inherited; decrease from .5% corresponding to a "bottleneck size" Nb ~ 1/V'(h) = 200
@article{guo2013very,
  title={Very low-level heteroplasmy mtDNA variations are inherited in humans},
  author={Guo, Yan and Li, Chung-I and Sheng, Quanhu and Winther, Jeanette F and Cai, Qiuyin and Boice, John D and Shyr, Yu},
  journal={Journal of genetics and genomics},
  volume={40},
  number={12},
  pages={607--615},
  year={2013},
  publisher={Elsevier}
}
% mtCN_per_mito ~2.6; mtCN_per_cell ~(220,1760) -- tightly regulated according to cell type
@article{robin1988mitochondrial,
  title={Mitochondrial DNA molecules and virtual number of mitochondria per cell in mammalian cells},
  author={Robin, Eugene D and Wong, Ronald},
  journal={Journal of cellular physiology},
  volume={136},
  number={3},
  pages={507--513},
  year={1988},
  publisher={Wiley Online Library}
}

@article{jajoo2016accurate,
  title={Accurate concentration control of mitochondria and nucleoids},
  author={Jajoo, Rishi and Jung, Yoonseok and Huh, Dann and Viana, Matheus P and Rafelski, Susanne M and Springer, Michael and Paulsson, Johan},
  journal={Science},
  volume={351},
  number={6269},
  pages={169--172},
  year={2016},
  publisher={American Association for the Advancement of Science}
}

@article{seltman2012approximations,
  title={Approximations for mean and variance of a ratio},
  author={Seltman, Howard},
  journal={unpublished note},
  year={2012}
}
